@Article{Moreland2016,
  author  = {Kenneth Moreland and Christopher Sewell and William Usher and Li-Ta Lo and Jeremy Meredith and David Pugmire and James Kress and Hendrik Schroots and Kwan-Liu Ma and Hank Childs and Matthew Larsen and Chun-Ming Chen and Robert Maynard and Berk Geveci},
  journal = {IEEE Computer Graphics and Applications},
  title   = {{VTK-m}: Accelerating the Visualization Toolkit for Massively Threaded Architectures},
  year    = {2016},
  month   = {May/June},
  number  = {3},
  pages   = {48--58},
  volume  = {36},
  doi     = {10.1109/MCG.2016.48},
}

@InProceedings{Lo2012,
  author    = {Li-Ta Lo and Chris Sewell and James Ahrens},
  booktitle = {Eurographics Symposium on Parallel Graphics and Visualization},
  title     = {{PISTON}: A Portable Cross-Platform Framework for Data-Parallel Visualization Operators},
  year      = {2012},
  doi       = {10.2312/EGPGV/EGPGV12/011-020},
}

@InProceedings{Maynard2013,
  author    = {Robert Maynard and Kenneth Moreland and Utkarsh Ayachit and Berk Geveci and Kwan-Liu Ma},
  booktitle = {Visualization and Data Analysis 2013, Proceedings of SPIE-IS\&T Electronic Imaging},
  title     = {Optimizing Threshold for Extreme Scale Analysis},
  year      = {2013},
  month     = {February},
  doi       = {10.1117/12.2007320},
}

@InProceedings{Lessley2016,
  author    = {Brenton Lessley and Roba Binyahib and Robert Maynard and Hank Childs},
  booktitle = {Eurographics Symposium on Parallel Graphics and Visualization (EGPGV)},
  title     = {External Facelist Calculation with Data-Parallel Primitives},
  year      = {2016},
  month     = jun,
  doi       = {10.2312/pgv.20161178},
}

@InProceedings{Larsen2015:RayTrace,
  author    = {Matthew Larsen and Jeremy S. Meredith and Paul A. Navratil and Hank Childs},
  booktitle = {IEEE Pacific Visualization Symposium (PacificVis)},
  title     = {Ray Tracing Within a Data Parallel Framework},
  year      = {2015},
  month     = {April},
  pages     = {279--286},
  doi       = {10.1109/PACIFICVIS.2015.7156388},
}

@InProceedings{Larsen2015:VR,
  author    = {Larsen, Matthew and Labasan, Stephanie and Navr\'{a}til, Paul and Meredith, Jeremy and Childs, Hank},
  booktitle = {Eurographics Symposium on Parallel Graphics and Visualization},
  title     = {Volume Rendering Via Data-Parallel Primitives},
  year      = {2015},
  doi       = {10.2312/pgv.20151155},
}

@InProceedings{Pugmire2018,
  author    = {David Pugmire and Abhishek Yenpure and Mark Kim and James Kress and Robert Maynard and Hank Childs and Bernd Hentschel},
  booktitle = {Eurographics Symposium on Parallel Graphics and Visualization (EGPGV)},
  title     = {Performance-Portable Particle Advection with {VTK-m}},
  year      = {2018},
  month     = jun,
  pages     = {45--55},
  doi       = {10.2312/pgv.20181094},
}

@Book{Blelloch1990,
  author    = {Guy E. Blelloch},
  publisher = {MIT Press},
  title     = {Vector Models for Data-Parallel Computing},
  year      = {1990},
  note      = {{ISBN}~0-262-02313-X},
}

@Article{Moreland2021,
  author  = {Kenneth Moreland and Robert Maynard and David Pugmire and Abhishek Yenpure and Allison Vacanti and Matthew Larsen and Hank Childs},
  journal = {Parallel Computing},
  title   = {Minimizing Development Costs for Efficient Many-Core Visualization Using {MCD$^3$}},
  year    = {2021},
  month   = dec,
  number  = {102834},
  volume  = {108},
  doi     = {10.1016/j.parco.2021.102834},
}

@InProceedings{Meredith2012,
  author    = {Jeremy S. Meredith and Sean Ahern and Dave Pugmire and Robert Sisneros},
  booktitle = {Eurographics Symposium on Parallel Graphics and Visualization (EGPGV)},
  title     = {{EAVL}: The Extreme-scale Analysis and Visualization Library},
  year      = {2012},
  pages     = {21--30},
  doi       = {10.2312/EGPGV/EGPGV12/021-030},
}

@Comment{jabref-meta: databaseType:bibtex;}
